@incollection{condorgrid,
	author = "Douglas Thain and Todd Tannenbaum and Miron Livny",
	title = "{C}ondor and the Grid",
	editor = "Fran Berman and Geoffrey Fox and Tony Hey",
	booktitle = "Grid Computing: Making the Global Infrastructure a Reality",
	publisher = "John Wiley \& Sons Inc.",
	month = "December",
	year = "2002"
% 0470853190.pdf
}

@article{anatomy,
author = {I. Foster},
title = {The Anatomy of the Grid: Enabling Scalable Virtual Organizations},
journal ={International Journal Supercomputer Applications},
volume = {15},
number = {3},
year = {2001},
}

@electronic{hpcwire,
title = {High Throughput Computing: An Interview with Miron Livny},
url = {http://research.cs.wisc.edu/htcondor/HPCwire.1},
organization = {HPCWire.org}
}

@manual{condor-man,
title = {HTCondorTM Version 7.9.3 Manual},
organization = {Center for High Throughput Computing, University of Wisconsinâ€“Madison},
month = {January},
year = {2013},
}
